% This file was created with Citavi 6.3.0.0

@article{Hert.1998,
 author = {Hert, Susan and Lumelsky, Vladimir},
 year = {1998},
 title = {Polygon Area Decomposition for Multiple-Robot Workspace Division},
 pages = {437--466},
 volume = {08},
 number = {04},
 issn = {0218-1959},
 journal = {International Journal of Computational Geometry {\&} Applications},
 doi = {10.1142/S0218195998000230}
}


@article{Schachter.1978,
 author = {Schachter},
 year = {1978},
 title = {Decomposition of Polygons into Convex Sets},
 pages = {1078--1082},
 volume = {C-27},
 number = {11},
 issn = {0018-9340},
 journal = {IEEE Transactions on Computers},
 doi = {10.1109/TC.1978.1675001}
}


